<record><leader>00000cas a22000007a 4500</leader><controlfield tag="001">31633108</controlfield><controlfield tag="008">941208d18651865gauir ne      0    0eng d</controlfield><datafield ind1=" " ind2=" " tag="010"><subfield code="a">sn 94058031 </subfield></datafield><datafield ind1=" " ind2=" " tag="040"><subfield code="a">NVJ</subfield><subfield code="b">eng</subfield><subfield code="c">NVJ</subfield><subfield code="d">OCLCQ</subfield></datafield><datafield ind1=" " ind2=" " tag="042"><subfield code="a">msc</subfield></datafield><datafield ind1="0" ind2=" " tag="130"><subfield code="a">Tri-weekly Republican (Americus, Ga. :1865)</subfield></datafield><datafield ind1="1" ind2="0" tag="245"><subfield code="a">Tri-weekly Republican.</subfield></datafield><datafield ind1=" " ind2=" " tag="260"><subfield code="a">Americus, Ga. :</subfield><subfield code="b">C.W. Hancock</subfield></datafield><datafield ind1=" " ind2=" " tag="300"><subfield code="a">v.</subfield></datafield><datafield ind1=" " ind2=" " tag="310"><subfield code="a">Triweekly</subfield></datafield><datafield ind1="0" ind2=" " tag="362"><subfield code="a">-v. 1, no. 11 (Oct. 28, 1865).</subfield></datafield><datafield ind1="1" ind2=" " tag="362"><subfield code="a">Began in 1865.</subfield></datafield><datafield ind1=" " ind2=" " tag="588"><subfield code="a">Description based on: Vol. 1, no. 10 (Oct. 24, 1865).</subfield></datafield><datafield ind1=" " ind2=" " tag="752"><subfield code="a">United States</subfield><subfield code="b">Georgia</subfield><subfield code="c">Sumter</subfield><subfield code="d">Americus.</subfield></datafield><datafield ind1="0" ind2="0" tag="785"><subfield code="t">Tri-weekly Sumter Republican (Americus, Ga. : 1865)</subfield><subfield code="w">(DLC)sn9400058031</subfield></datafield></record>